<record><leader>00000cas a22000007a 4500</leader><controlfield tag="001">19106534</controlfield><controlfield tag="008">890206d1835185ulauwr ne      0    0eng d</controlfield><datafield ind1=" " ind2=" " tag="010"><subfield code="a">sn 89059022 </subfield></datafield><datafield ind1=" " ind2=" " tag="040"><subfield code="a">LNP</subfield><subfield code="b">eng</subfield><subfield code="c">LNP</subfield><subfield code="d">OCLCQ</subfield></datafield><datafield ind1=" " ind2=" " tag="042"><subfield code="a">msc</subfield></datafield><datafield ind1="0" ind2="4" tag="245"><subfield code="a">The Phenix, and St. Francisville and Bayou Sara advertiser.</subfield></datafield><datafield ind1="1" ind2="7" tag="246"><subfield code="a">Phenix and advertiser</subfield></datafield><datafield ind1="1" ind2="7" tag="246"><subfield code="a">Phenix and Bayou Sara advertiser</subfield></datafield><datafield ind1=" " ind2=" " tag="260"><subfield code="a">St. Francisville, La. :</subfield><subfield code="b">Charles G. Hawthorn &amp; Co.</subfield></datafield><datafield ind1=" " ind2=" " tag="300"><subfield code="a">v.</subfield></datafield><datafield ind1=" " ind2=" " tag="310"><subfield code="a">Weekly</subfield></datafield><datafield ind1="1" ind2=" " tag="362"><subfield code="a">Began in 1835.</subfield></datafield><datafield ind1=" " ind2=" " tag="588"><subfield code="a">Description based on: Vol. 4, no. 4 (Oct. 27, 1835).</subfield></datafield><datafield ind1=" " ind2=" " tag="752"><subfield code="a">United States</subfield><subfield code="b">Louisiana</subfield><subfield code="c">West Feliciana</subfield><subfield code="d">Saint Francisville.</subfield></datafield><datafield ind1="0" ind2="0" tag="780"><subfield code="t">Ph&#339;nix (Saint Francisville, La.)</subfield><subfield code="w">(DLC)sn 88064629</subfield></datafield><datafield ind1="0" ind2="7" tag="785"><subfield code="t">Bayou Sara ledger</subfield><subfield code="w">(DLC)sn 82015381</subfield></datafield><datafield ind1="0" ind2="7" tag="785"><subfield code="t">Ph&#339;nix ledger</subfield><subfield code="w">(DLC)sn 89059023</subfield></datafield></record>